%% This BibTeX bibliography file was created using BibDesk.
%% http://bibdesk.sourceforge.net/


%% Created for HongliangZHONG at 2016-01-20 13:52:28 +0100 


%% Saved with string encoding Unicode (UTF-8) 



@inproceedings{number10SC,
	Author = {J. Alcala-Fdez, A. Fernandez and J. Luengo and J. Derrac and S. Garcia and L. Sanchez and F. Herrera},
	Date-Added = {2015-12-11 03:38:39 +0000},
	Date-Modified = {2015-12-11 03:39:50 +0000},
	Pages = {255--287},
	Series = {Journal of Multiple-Valued Logic and Soft Computing},
	Title = {KEEL Data-Mining Software Tool: Data Set Repository, Integration of Algorithms and Experimental Analysis Framework},
	Volume = {17},
	Year = {2011}}

@inproceedings{letter26SC,
	Author = {Alcala-Fdez,J. and L. Sanchez and S. Garcia and M.J. del Jesus and S. Ventura and J.M. Garrell and J. Otero and C. Romero and J. Bacardit and V.M. Rivas and J.C. Fernandez and F.Herrera},
	Pages = {307--318},
	Series = {Soft Computing},
	Title = {KEEL: A Software Tool to Assess Evolutionary Algorithms to Data Mining Problems},
	Volume = {13},
	Year = {2009}}

@inproceedings{RB08a,
	Author = {Bekkerman,Ron and Scholz,Martin},
	Date-Added = {2015-12-11 03:34:42 +0000},
	Date-Modified = {2015-12-11 03:35:41 +0000},
	Number = {1083--1092},
	Publisher = {In Proceedings of CIKM},
	Title = {Data weaving: Scaling up the state-of-the-art in data clustering},
	Year = {2008}}

@inproceedings{David04RCV,
	Author = {Lewis,D.D. and Yang,Y. and Rose, T.G. and Li,F.},
	Date-Added = {2015-12-11 03:31:50 +0000},
	Date-Modified = {2015-12-11 03:34:10 +0000},
	Pages = {361--397},
	Series = {JMLR},
	Title = {RCV1: A new benchmark collection for text categorization research},
	Volume = {5},
	Year = {2004}}

@inproceedings{zhong2015esann,
	Author = {Zhong, H. and Dauc\'e, E. and Ralaivola, L.},
	Date-Added = {2015-12-11 02:12:12 +0000},
	Date-Modified = {2015-12-11 02:16:14 +0000},
	Organization = {in proceedings of European Symposium on Artificial Neural Networks Computational Intelligence and Machine Learning (ESANN)},
	Pages = {403-408},
	Title = {Online multiclass learning with ``bandit'' feedback under a Passive-Aggressive approach},
	Year = {2015}}

@article{robbins1952bandit,
	Author = {Robbins, H.},
	Journal = {Bulleting of the American Mathematical Society},
	Pages = {527-535},
	Title = {Some aspects of the sequential design of experiments},
	Volume = {58},
	Year = {1952}}

@techreport{bellman1957markovian,
	Author = {Bellman, Richard},
	Institution = {DTIC Document},
	Title = {A Markovian decision process},
	Year = {1957}}

@article{gittins1979dynamic,
	Author = {Gittins, John C and Jones, David M},
	Journal = {Biometrika},
	Number = {3},
	Pages = {561--565},
	Publisher = {Biometrika Trust},
	Title = {A dynamic allocation index for the discounted multiarmed bandit problem},
	Volume = {66},
	Year = {1979}}

@article{whittle1980multi,
	Author = {Whittle, Peter},
	Journal = {Journal of the Royal Statistical Society. Series B (Methodological)},
	Pages = {143--149},
	Publisher = {JSTOR},
	Title = {Multi-armed bandits and the Gittins index},
	Year = {1980}}

@article{tsitsiklis1994short,
	Author = {Tsitsiklis, John N},
	Journal = {The Annals of Applied Probability},
	Pages = {194--199},
	Publisher = {JSTOR},
	Title = {A short proof of the Gittins index theorem},
	Year = {1994}}

@article{weber1992gittins,
	Author = {Weber, Richard and others},
	Journal = {The Annals of Applied Probability},
	Number = {4},
	Pages = {1024--1033},
	Publisher = {Institute of Mathematical Statistics},
	Title = {On the Gittins index for multiarmed bandits},
	Volume = {2},
	Year = {1992}}

@book{Berry85Bandit,
  title={Bandit problems: sequential allocation of experiments (Monographs on statistics and applied probability)},
  author={Berry, Donald A and Fristedt, Bert},
  year={1985},
  publisher={Springer}
}

@article{kaelbling1996reinforcement,
	Author = {Kaelbling, Leslie Pack and Littman, Michael L and Moore, Andrew W},
	Journal = {Journal of artificial intelligence research},
	Pages = {237--285},
	Title = {Reinforcement learning: A survey},
	Year = {1996}}

	@book{Sutton98,
  title={Reinforcement learning: An introduction},
  author={Sutton, Richard S and Barto, Andrew G},
  volume={1},
  year={1998},
  publisher={MIT press Cambridge}
}

@article{banks1997experimental,
	Author = {Banks, Jeffrey and Olson, Mark and Porter, David},
	Journal = {Economic Theory},
	Number = {1},
	Pages = {55-77},
	Publisher = {Springer},
	Title = {An experimental analysis of the bandit problem},
	Volume = {10},
	Year = {1997}}

@phdthesis{anderson2001behavioral,
	Author = {Anderson, Christopher Madden},
	School = {California Institute of Technology},
	Title = {Behavioral models of strategies in multi-armed bandit problems},
	Year = {2001}}

@article{steyvers2009bayesian,
	Author = {Steyvers, Mark and Lee, Michael D and Wagenmakers, Eric-Jan},
	Journal = {Journal of Mathematical Psychology},
	Number = {3},
	Pages = {168--179},
	Publisher = {Elsevier},
	Title = {A Bayesian analysis of human decision-making on bandit problems},
	Volume = {53},
	Year = {2009}}

@article{daw2006cortical,
	Author = {Daw, Nathaniel D and O'Doherty, John P and Dayan, Peter and Seymour, Ben and Dolan, Raymond J},
	Journal = {Nature},
	Number = {7095},
	Pages = {876--879},
	Publisher = {Nature Publishing Group},
	Title = {Cortical substrates for exploratory decisions in humans},
	Volume = {441},
	Year = {2006}}

@book{surowiecki2005wisdom,
	Author = {Surowiecki, James},
	Publisher = {Anchor},
	Title = {The wisdom of crowds},
	Year = {2005}}

@book{luce1959individual,
	Author = {Luce, R Duncan},
	Publisher = {Courier Corporation},
	Title = {Individual choice behavior: A theoretical analysis},
	Year = {1959}}

@inproceedings{cesa1998finite,
	Author = {Cesa-Bianchi, Nicol{\`o} and Fischer, Paul},
	Booktitle = {ICML},
	Organization = {Citeseer},
	Pages = {100--108},
	Title = {Finite-Time Regret Bounds for the Multiarmed Bandit Problem.},
	Year = {1998}}

@incollection{vermorel2005multi,
	Author = {Vermorel, Joannes and Mohri, Mehryar},
	Booktitle = {Machine Learning: ECML 2005},
	Pages = {437--448},
	Publisher = {Springer},
	Title = {Multi-armed bandit algorithms and empirical evaluation},
	Year = {2005}}

@inproceedings{auer1995gambling,
	Author = {Auer, Peter and Cesa-Bianchi, Nicolo and Freund, Yoav and Schapire, Robert E},
	Booktitle = {Foundations of Computer Science, 1995. Proceedings., 36th Annual Symposium on},
	Organization = {IEEE},
	Pages = {322--331},
	Title = {Gambling in a rigged casino: The adversarial multi-armed bandit problem},
	Year = {1995}}

@article{auer2003nonstochastic,
	Author = {P.~Auer and N.~Cesa-Bianchi and Y.~Freund and R.E.~Schapire},
	Journal = {SIAM Journal on Computing},
	Number = {1},
	Pages = {48--77},
	Publisher = {SIAM},
	Title = {The nonstochastic multiarmed bandit problem},
	Volume = {32},
	Year = {2003}}

@article{Auer02Finite,
  title={Finite-time analysis of the multiarmed bandit problem},
  author={Auer, Peter and Cesa-Bianchi, Nicolo and Fischer, Paul},
  journal={Machine learning},
  volume={47},
  number={2-3},
  pages={235--256},
  year={2002},
  publisher={Springer}
}

@inproceedings{valizadegan2011learning,
	Author = {Valizadegan, Hamed and Jin, Rong and Wang, Shijun},
	Booktitle = {Proceedings of the 17th ACM SIGKDD international conference on Knowledge discovery and data mining},
	Organization = {ACM},
	Pages = {204--212},
	Title = {Learning to trade off between exploration and exploitation in multiclass bandit prediction},
	Year = {2011}}

@incollection{tokic2010adaptive,
	Author = {Tokic, Michel},
	Booktitle = {KI 2010: Advances in Artificial Intelligence},
	Pages = {203--210},
	Publisher = {Springer},
	Title = {Adaptive $\varepsilon$-greedy exploration in reinforcement learning based on value differences},
	Year = {2010}}

@article{lai1985asymptotically,
	Author = {Lai, Tze Leung and Robbins, Herbert},
	Journal = {Advances in applied mathematics},
	Number = {1},
	Pages = {4--22},
	Publisher = {Elsevier},
	Title = {Asymptotically efficient adaptive allocation rules},
	Volume = {6},
	Year = {1985}}

@article{agrawal2011analysis,
	Author = {Agrawal, Shipra and Goyal, Navin},
	Journal = {arXiv preprint arXiv:1111.1797},
	Title = {Analysis of Thompson sampling for the multi-armed bandit problem},
	Year = {2011}}

@article{auer2003using,
	Author = {Auer, Peter},
	Journal = {The Journal of Machine Learning Research},
	Pages = {397--422},
	Publisher = {JMLR. org},
	Title = {Using confidence bounds for exploitation-exploration trade-offs},
	Volume = {3},
	Year = {2003}}

@article{auer2010ucb,
	Author = {Auer, Peter and Ortner, Ronald},
	Journal = {Periodica Mathematica Hungarica},
	Number = {1-2},
	Pages = {55--65},
	Publisher = {Springer},
	Title = {UCB revisited: Improved regret bounds for the stochastic multi-armed bandit problem},
	Volume = {61},
	Year = {2010}}

@article{agrawal1995sample,
	Author = {Agrawal, Rajeev},
	Journal = {Advances in Applied Probability},
	Pages = {1054--1078},
	Publisher = {JSTOR},
	Title = {Sample mean based index policies with O (log n) regret for the multi-armed bandit problem},
	Year = {1995}}

@article{even2006action,
	Author = {Even-Dar, Eyal and Mannor, Shie and Mansour, Yishay},
	Journal = {The Journal of Machine Learning Research},
	Pages = {1079--1105},
	Publisher = {JMLR. org},
	Title = {Action elimination and stopping conditions for the multi-armed bandit and reinforcement learning problems},
	Volume = {7},
	Year = {2006}}

@inproceedings{langford2008epoch,
	Author = {Langford, John and Zhang, Tong},
	Booktitle = {Advances in neural information processing systems},
	Pages = {817--824},
	Title = {The epoch-greedy algorithm for multi-armed bandits with side information},
	Year = {2008}}

@article{rosenblatt1958perceptron,
	Author = {Rosenblatt, Frank},
	Journal = {Psychological review},
	Number = {6},
	Pages = {386},
	Publisher = {American Psychological Association},
	Title = {The perceptron: a probabilistic model for information storage and organization in the brain.},
	Volume = {65},
	Year = {1958}}

@article{littlestone1988learning,
	Author = {Littlestone, Nick},
	Journal = {Machine learning},
	Number = {4},
	Pages = {285--318},
	Publisher = {Springer},
	Title = {Learning quickly when irrelevant attributes abound: A new linear-threshold algorithm},
	Volume = {2},
	Year = {1988}}

@inproceedings{kivinen1995additive,
	Author = {Kivinen, Jyrki and Warmuth, Manfred K},
	Booktitle = {Proceedings of the twenty-seventh annual ACM symposium on Theory of computing},
	Organization = {ACM},
	Pages = {209--218},
	Title = {Additive versus exponentiated gradient updates for linear prediction},
	Year = {1995}}

@article{grove2001general,
	Author = {Grove, Adam J and Littlestone, Nick and Schuurmans, Dale},
	Journal = {Machine Learning},
	Number = {3},
	Pages = {173--210},
	Publisher = {Springer},
	Title = {General convergence results for linear discriminant updates},
	Volume = {43},
	Year = {2001}}

@article{crammer2003ultraconservative,
	Author = {Crammer, Koby and Singer, Yoram},
	Journal = {The Journal of Machine Learning Research},
	Pages = {951--991},
	Publisher = {JMLR. org},
	Title = {Ultraconservative online algorithms for multiclass problems},
	Volume = {3},
	Year = {2003}}

@book{minsky1987perceptrons,
	Author = {Minsky, Marvin L and Papert, Seymour A},
	Publisher = {MIT press Boston, MA:},
	Title = {Perceptrons - Expanded Edition: An Introduction to Computational Geometry},
	Year = {1987}}

@article{littlestone1995line,
	Author = {Littlestone, Nicholas and Warmuth, Manfred K and Long, Philip M},
	Journal = {Computational Complexity},
	Number = {1},
	Pages = {1--23},
	Publisher = {Springer},
	Title = {On-line learning of linear functions},
	Volume = {5},
	Year = {1995}}

@inproceedings{schapire1999brief,
	Author = {Schapire, Robert E},
	Booktitle = {Ijcai},
	Pages = {1401--1406},
	Title = {A brief introduction to boosting},
	Volume = {99},
	Year = {1999}}

@book{kearns1988learning,
	Author = {Kearns, Michael J and Valiant, Leslie G},
	Publisher = {Harvard University, Center for Research in Computing Technology, Aiken Computation Laboratory},
	Title = {Learning Boolean formulae or finite automata is as hard as factoring},
	Year = {1988}}

@article{schapire1990strength,
	Author = {Schapire, Robert E},
	Journal = {Machine learning},
	Number = {2},
	Pages = {197--227},
	Publisher = {Springer},
	Title = {The strength of weak learnability},
	Volume = {5},
	Year = {1990}}

@article{freund1997decision,
	Author = {Freund, Yoav and Schapire, Robert E},
	Journal = {Journal of computer and system sciences},
	Number = {1},
	Pages = {119--139},
	Publisher = {Elsevier},
	Title = {A decision-theoretic generalization of on-line learning and an application to boosting},
	Volume = {55},
	Year = {1997}}

@article{freund1999large,
	Author = {Freund, Yoav and Schapire, Robert E},
	Journal = {Machine learning},
	Number = {3},
	Pages = {277--296},
	Publisher = {Springer},
	Title = {Large margin classification using the perceptron algorithm},
	Volume = {37},
	Year = {1999}}

@incollection{Hazan11Newtron,
	Author = {E.~Hazan and S.~Kale},
	Booktitle = {Advances in Neural Information Processing Systems 24},
	Editor = {J. Shawe-taylor and R.s. Zemel and P. Bartlett and F.c.n. Pereira and K.q. Weinberger},
	Pages = {891--899},
	Title = {Newtron: an Efficient Bandit algorithm for Online Multiclass Prediction},
	Year = {2011}}

@article{hazan2007logarithmic,
	Author = {Hazan, Elad and Agarwal, Amit and Kale, Satyen},
	Journal = {Machine Learning},
	Number = {2-3},
	Pages = {169--192},
	Publisher = {Springer},
	Title = {Logarithmic regret algorithms for online convex optimization},
	Volume = {69},
	Year = {2007}}

@inproceedings{crammer2002new,
	Author = {Crammer, Koby and Singer, Yoram},
	Booktitle = {Proceedings of the 25th annual international ACM SIGIR conference on Research and development in information retrieval},
	Organization = {ACM},
	Pages = {151--158},
	Title = {A new family of online algorithms for category ranking},
	Year = {2002}}

@inproceedings{kakade2008efficient,
	Author = {Kakade, Sham M and Shalev-Shwartz, Shai and Tewari, Ambuj},
	Booktitle = {Proceedings of the 25th international conference on Machine learning},
	Organization = {ACM},
	Pages = {440--447},
	Title = {Efficient bandit algorithms for online multiclass prediction},
	Year = {2008}}

@article{MCBFCRAMMER,
	Author = {Koby Crammer and Claudio Gentile},
	Date-Modified = {2015-10-29 22:10:01 +0000},
	Journal = {Mach Learn},
	Pages = {347-383},
	Title = {Multiclass Classification with Bandit Feedback using Adaptive Regularization},
	Volume = {90},
	Year = {2013}}

@article{cesa2005second,
	Author = {Cesa-Bianchi, Nicolo and Conconi, Alex and Gentile, Claudio},
	Journal = {SIAM Journal on Computing},
	Number = {3},
	Pages = {640--668},
	Publisher = {SIAM},
	Title = {A second-order perceptron algorithm},
	Volume = {34},
	Year = {2005}}

@inproceedings{AISTATS2010_WangJV10,
	Author = {S.~Wang and R.~Jin and H.~Valizadegan},
	Booktitle = {Proceedings of the Thirteenth International Conference on Artificial Intelligence and Statistics (AISTATS-10)},
	Editor = {Y.W.~Teh and D.M.~Titterington},
	Journal = {Journal of Machine Learning Research Workshop and Conference Proceedings},
	Pages = {900-907},
	Title = {A Potential-based Framework for Online Multi-class Learning with Partial Feedback},
	Volume = {9},
	Year = {2010}}

@article{swaminathan2015batch,
	Author = {Swaminathan, Adith and Joachims, Thorsten},
	Journal = {Journal of Machine Learning Research},
	Pages = {1731--1755},
	Title = {Batch Learning from Logged Bandit Feedback through Counterfactual Risk Minimization},
	Volume = {16},
	Year = {2015}}

@article{lewis2004rcv1,
	Author = {D.D.~Lewis and Y.~Yang and T.G.~Rose and F.~Li},
	Journal = {The Journal of Machine Learning Research},
	Pages = {361--397},
	Publisher = {JMLR. org},
	Title = {Rcv1: A new benchmark collection for text categorization research},
	Volume = {5},
	Year = {2004}}

@inproceedings{verma2009spatial,
	Author = {N.~Verma and S.~Kpotufe and S.~Dasgupta},
	Booktitle = {Proceedings of the twenty-fifth conference on uncertainty in artificial intelligence},
	Organization = {AUAI Press},
	Pages = {565--574},
	Title = {Which spatial partition trees are adaptive to intrinsic dimension?},
	Year = {2009}}

@inproceedings{vempala2012randomly,
	Author = {S.~Vempala},
	Booktitle = {FSTTCS},
	Organization = {Citeseer},
	Pages = {48--57},
	Title = {Randomly-oriented kd Trees Adapt to Intrinsic Dimension.},
	Volume = {18},
	Year = {2012}}

@article{ogryczak2005equity,
	Author = {W.Ogryczak and T.~Trzaskalik},
	Journal = {Multiple Criteria Decision Making'05},
	Pages = {185--199},
	Title = {Equity, fairness and multicriteria optimization},
	Year = {2005}}

@article{kostreva2004equitable,
	Author = {M.M.~Kostreva and W.~Ogryczak and A.~Wierzbicki},
	Journal = {European Journal of Operational Research},
	Number = {2},
	Pages = {362--377},
	Publisher = {Elsevier},
	Title = {Equitable aggregations and multiple criteria analysis},
	Volume = {158},
	Year = {2004}}

@article{baatar2006advancing,
	Author = {D.~Baatar and M.M.~Wiecek},
	Journal = {Computers \& Mathematics with Applications},
	Number = {1},
	Pages = {225--234},
	Publisher = {Elsevier},
	Title = {Advancing equitability in multiobjective programming},
	Volume = {52},
	Year = {2006}}

@inproceedings{lust20142,
	Author = {T.~Lust and A.~Rolland},
	Booktitle = {Information Processing and Management of Uncertainty in Knowledge-Based Systems},
	Organization = {Springer},
	Pages = {256--265},
	Title = {2-additive Choquet optimal solutions in multiobjective optimization problems},
	Year = {2014}}

@incollection{galand2010branch,
	Author = {L.~Galand and P.~Perny and O.~Spanjaard},
	Booktitle = {Multiple criteria decision making for sustainable energy and transportation systems},
	Pages = {355--365},
	Publisher = {Springer},
	Title = {A branch and bound algorithm for Choquet optimization in multicriteria problems},
	Year = {2010}}

@article{eichfelder2009adaptive,
	Author = {G.~Eichfelder},
	Journal = {SIAM Journal on Optimization},
	Number = {4},
	Pages = {1694--1718},
	Publisher = {SIAM},
	Title = {An adaptive scalarization method in multiobjective optimization},
	Volume = {19},
	Year = {2009}}

@inproceedings{yahyaa2014scalarized,
	Author = {S.Q.~Yahyaa and M.M.~Drugan and B.~Manderick},
	Booktitle = {Neural Networks (IJCNN), 2014 International Joint Conference on},
	Organization = {IEEE},
	Pages = {2290--2297},
	Title = {The scalarized multi-objective multi-armed bandit problem: an empirical study of its exploration vs. exploitation tradeoff},
	Year = {2014}}

@inproceedings{yahyaa2014knowledge,
	Author = {S.Q.~Yahyaa and M.M.~Drugan and B.~Manderick},
	Booktitle = {International Conference on Agents and Artificial Intelligence (ICAART)},
	Title = {Knowledge gradient for multi-objective multi-armed bandit algorithms},
	Year = {2014}}

@inproceedings{drugan2013designing,
	Author = {M.M.~Drugan and A.~Nowe},
	Booktitle = {Neural Networks (IJCNN), The 2013 International Joint Conference on},
	Organization = {IEEE},
	Pages = {1--8},
	Title = {Designing multi-objective multi-armed bandits algorithms: A study},
	Year = {2013}}

@article{yahyaa1exploration,
	Author = {S.Q.~Yahyaa and B.~Manderick},
	Journal = {rn},
	Pages = {2},
	Title = {The Exploration vs Exploitation Trade-Off in Bandit Problems: An Empirical Study},
	Volume = {1}}

@inproceedings{gur2014stochastic,
	Author = {Y.~Gur and A.~Zeevi and O.~Besbes},
	Booktitle = {Advances in Neural Information Processing Systems},
	Pages = {199--207},
	Title = {Stochastic Multi-Armed-Bandit Problem with Non-stationary Rewards},
	Year = {2014}}

@article{bubeck2012regret,
	Author = {S.~Bubeck and N.~Cesa-Bianchi},
	Journal = {arXiv preprint arXiv:1204.5721},
	Title = {Regret analysis of stochastic and nonstochastic multi-armed bandit problems},
	Year = {2012}}

@inproceedings{gabillon2011multi,
	Author = {V.~Gabillon and M.~Ghavamzadeh and A.~Lazaric and S.~Bubeck},
	Booktitle = {Advances in Neural Information Processing Systems},
	Pages = {2222--2230},
	Title = {Multi-bandit best arm identification},
	Year = {2011}}

@inproceedings{hillel2013distributed,
	Author = {E.~Hillel and Z.S.~Karnin and T.~Koren and R.~Lempel and O.~Somekh},
	Booktitle = {Advances in Neural Information Processing Systems},
	Pages = {854--862},
	Title = {Distributed exploration in multi-armed bandits},
	Year = {2013}}

@inproceedings{abernethy2008competing,
	Author = {J.~Abernethy and E.~Hazan and A.~Rakhlin},
	Booktitle = {COLT},
	Pages = {263--274},
	Title = {Competing in the Dark: An Efficient Algorithm for Bandit Linear Optimization.},
	Year = {2008}}

@inproceedings{audibert2010best,
	Author = {J.~Audibert and S.~Bubeck},
	Booktitle = {COLT-23th Conference on Learning Theory-2010},
	Pages = {13--p},
	Title = {Best arm identification in multi-armed bandits},
	Year = {2010}}

@article{coquelin2007bandit,
	Author = {P.~Coquelin and R.~Munos},
	Journal = {arXiv preprint cs/0703062},
	Title = {Bandit algorithms for tree search},
	Year = {2007}}

@inproceedings{abernethy2008efficient,
	Author = {J.~Abernethy and E.~Hazan and A.~Rakhlin},
	Booktitle = {21st Annual Conference on Learning Theory},
	Organization = {Citeseer},
	Title = {An efficient algorithm for bandit linear optimization},
	Year = {2008}}

@inproceedings{karnin2013almost,
	Author = {Karnin, Zohar and Koren, Tomer and Somekh, Oren},
	Booktitle = {Proceedings of the 30th International Conference on Machine Learning (ICML-13)},
	Pages = {1238--1246},
	Title = {Almost optimal exploration in multi-armed bandits},
	Year = {2013}}

@article{bubeck2011x,
	Author = {Bubeck, S{\'e}bastien and Munos, R{\'e}mi and Stoltz, Gilles and Szepesvari, Csaba},
	Journal = {The Journal of Machine Learning Research},
	Pages = {1655--1695},
	Publisher = {JMLR. org},
	Title = {X-armed bandits},
	Volume = {12},
	Year = {2011}}

@inproceedings{abbasi2011improved,
	Author = {Abbasi-Yadkori, Yasin and P{\'a}l, D{\'a}vid and Szepesv{\'a}ri, Csaba},
	Booktitle = {Advances in Neural Information Processing Systems},
	Pages = {2312--2320},
	Title = {Improved algorithms for linear stochastic bandits},
	Year = {2011}}

@inproceedings{soare2014best,
	Author = {Soare, Marta and Lazaric, Alessandro and Munos, R{\'e}mi},
	Booktitle = {Advances in Neural Information Processing Systems},
	Pages = {828--836},
	Title = {Best-Arm Identification in Linear Bandits},
	Year = {2014}}

@article{feige1994computing,
	Author = {Feige, Uriel and Raghavan, Prabhakar and Peleg, David and Upfal, Eli},
	Journal = {SIAM Journal on Computing},
	Number = {5},
	Pages = {1001--1018},
	Publisher = {SIAM},
	Title = {Computing with noisy information},
	Volume = {23},
	Year = {1994}}

@inproceedings{gajane2015relative,
	Author = {Gajane, Pratik and Urvoy, Tanguy and Cl{\'e}rot, Fabrice},
	Booktitle = {Proceedings of the 32nd International Conference on Machine Learning (ICML-15)},
	Pages = {218--227},
	Title = {A Relative Exponential Weighing Algorithm for Adversarial Utility-based Dueling Bandits},
	Year = {2015}}

@article{ailon2014reducing,
	Author = {Ailon, Nir and Joachims, Thorsten and Karnin, Zohar},
	Journal = {arXiv preprint arXiv:1405.3396},
	Title = {Reducing dueling bandits to cardinal bandits},
	Year = {2014}}

@inproceedings{gentile2012multilabel,
	Author = {Gentile, Claudio and Orabona, Francesco},
	Booktitle = {Advances in Neural Information Processing Systems},
	Pages = {1151--1159},
	Title = {On multilabel classification and ranking with partial feedback},
	Year = {2012}}

@inproceedings{Horoba08,
	Author = {C.~Horoba and F.~Neumann},
	Journal = {Proceedings of the 10th annual conference on Genetic and evolutionary computation},
	Pages = {641-648},
	Title = {Benefits and drawbacks for the use of epsilon-dominance in evolutionary multi-objective optimization},
	Year = {2008}}
	
	@inproceedings{Kaufmann12,
  title={Thompson sampling: An asymptotically optimal finite-time analysis},
  author={Kaufmann, Emilie and Korda, Nathaniel and Munos, R{\'e}mi},
  booktitle={Algorithmic Learning Theory},
  pages={199--213},
  year={2012},
  organization={Springer}
}

@article{macready1998bandit,
	Author = {Macready, William G and Wolpert, David H},
	Journal = {Evolutionary Computation, IEEE Transactions on},
	Number = {1},
	Pages = {2--22},
	Publisher = {IEEE},
	Title = {Bandit problems and the exploration/exploitation tradeoff},
	Volume = {2},
	Year = {1998}}

@article{Boyd04,
	Author = {S.~Boyd and L.~Vandenberghe},
	Publisher = {Cambridge University Press},
	Title = {Convex Optimization},
	Year = {2004}}

@article{Berry97Bandit,
	Author = {D.A.~Berry and R.W.~Chen and D.C.~Heath and A.~Zame and L.A.~Shepp},
	Journal = {Annals of Statistics},
	Pages = {2103-2116},
	Title = {Bandit problems with infinitely many arms},
	Volume = {25},
	Year = {1997}}

@article{Wang08infi,
	Author = {Y. Wang and J.-Y. Audibert and R. Munos},
	Journal = {Neural Information Processing Systems(NIPS)},
	Title = {Algorithms for infinitely many- armed bandits},
	Year = {2008}}

@article{YueDUELING09,
	Author = {Y. Yue and J. Broder and R. Kleinberg and T. Joachims},
	Journal = {the Annual Conference on Learning Theory (COLT)},
	Title = {The k-armed dueling bandits problem},
	Year = {2009}}

@article{gentile2014multilabel,
	Author = {Claudio Gentile, Francesco Orabona},
	Journal = {Journal of Machine Learning Research},
	Title = {On Multilabel Classification and Ranking with Bandit Feedback},
	Year = {2014}}

@article{MLabelZHANG,
	Author = {Min-Ling Zhang and Zhi-Hua Zhou},
	Journal = {Pattern Recognition},
	Pages = {2038-2048},
	Title = {Ml-knn: A lazy learning approach to multi-label learning},
	Volume = {40},
	Year = {2007}}

@inproceedings{MLabelKONG,
	Author = {X.~Kong and P.S.~Yu},
	Booktitle = {Collaborative Computing: Networking, Applications and Worksharing (CollaborateCom), 2011 7th International Conference on},
	Organization = {IEEE},
	Pages = {95--104},
	Title = {An Ensemble-based Approach to Fast Classification of Multi-label Data Streams},
	Year = {2011}}

@inproceedings{MCBFNGO,
	Author = {Ngo, Hung and Luciw, Matthew and Vien, Ngo Anh and Schmidhuber, Jurgen},
	Booktitle = {Proceedings of the Twenty-Third international joint conference on Artificial Intelligence},
	Date-Modified = {2016-01-02 15:11:02 +0000},
	Journal = {the Twenty-Third International Joint Conference on Artificial Intelligence},
	Organization = {AAAI Press},
	Pages = {2488-2494},
	Title = {Upper Confidence Weighted Learning for Efficient Exploration in Multiclass Prediction with Binary Feedback},
	Year = {2013}}

@inproceedings{MCBFDANI,
	Author = {Dani, Varsha and Hayes, Thomas P and Kakade, Sham M},
	Booktitle = {COLT},
	Date-Modified = {2016-01-02 15:12:26 +0000},
	Pages = {355-366},
	Title = {Stochastic Linear Optimization under Bandit Feedback},
	Year = {2008}}

@inproceedings{MCBFAGARWAL,
	Author = {Agarwal, Alekh and Foster, Dean P and Hsu, Daniel J and Kakade, Sham M and Rakhlin, Alexander},
	Booktitle = {Advances in Neural Information Processing Systems},
	Date-Modified = {2016-01-02 15:14:03 +0000},
	Pages = {1035-1043},
	Title = {Stochastic convex optimization with bandit feedback},
	Year = {2011}}

@article{MCBFZHANG,
	Author = {Lijun Zhang and Tianbao Yang and Rong Jin and Zhi-Hua Zhou},
	Date-Modified = {2015-10-29 22:10:55 +0000},
	Journal = {the Twenty-Ninth AAAI Conference on Artificial Intelligence},
	Title = {Online Bandit Learning for a Special Class of Non-convex Losses},
	Year = {2015}}

@inproceedings{chen2009beyond,
	Author = {Chen, Guangyun and Chen, Gang and Zhang, Jianwen and Chen, Shuo and Zhang, Changshui},
	Booktitle = {Data Mining, 2009. ICDM'09. Ninth IEEE International Conference on},
	Organization = {IEEE},
	Pages = {71--80},
	Title = {Beyond banditron: A conservative and efficient reduction for online multiclass prediction with bandit setting model},
	Year = {2009}}

@article{meyer1995sequential,
	Author = {Meyer, Robert J and Shi, Yong},
	Journal = {Management Science},
	Number = {5},
	Pages = {817--834},
	Publisher = {INFORMS},
	Title = {Sequential choice under ambiguity: Intuitive solutions to the armed-bandit problem},
	Volume = {41},
	Year = {1995}}

@article{thompson1933likelihood,
	Author = {Thompson, William R},
	Journal = {Biometrika},
	Pages = {285--294},
	Publisher = {JSTOR},
	Title = {On the likelihood that one unknown probability exceeds another in view of the evidence of two samples},
	Year = {1933}}

@article{may2012optimistic,
	Author = {May, Benedict C and Korda, Nathan and Lee, Anthony and Leslie, David S},
	Journal = {The Journal of Machine Learning Research},
	Number = {1},
	Pages = {2069--2106},
	Publisher = {JMLR. org},
	Title = {Optimistic Bayesian sampling in contextual-bandit problems},
	Volume = {13},
	Year = {2012}}

@article{yahyaaannealing,
	Author = {Yahyaa, Saba Q and Drugan, Madalina M and Manderick, Bernard},
	Title = {Annealing Linear Scalarized Based Multi-Objective Multi-Armed Bandit Algorithm}}

@inproceedings{zhong2015passive,
	Author = {H.~Zhong and E.~Dauc\'e},
	Booktitle = {Proceedings of the ECMLPKDD 2015 Doctoral Consortium},
	Date-Added = {2015-11-02 15:48:22 +0000},
	Date-Modified = {2016-01-02 15:06:34 +0000},
	Editor = {J.~Hollm\'en and P.~Papapetrou},
	Organization = {European Conference on Machine Learning and Principles and Practice of Knowledge Discovery in Databases 2015},
	Pages = {255-264},
	Series = {Aalto University publication series SCIENCE + TECHNOLOGY, 12/2015},
	Title = {Passive-Aggressive bounds in bandit feedback classification},
	Year = {2015}}

@article{mahalanobis1936generalized,
	Author = {Mahalanobis, Prasanta Chandra},
	Journal = {Proceedings of the National Institute of Sciences (Calcutta)},
	Pages = {49--55},
	Title = {On the generalized distance in statistics},
	Volume = {2},
	Year = {1936}}

@article{schapire2000boostexter,
	Author = {Schapire, Robert E and Singer, Yoram},
	Journal = {Machine learning},
	Number = {2},
	Pages = {135--168},
	Publisher = {Springer},
	Title = {BoosTexter: A boosting-based system for text categorization},
	Volume = {39},
	Year = {2000}}

@inproceedings{chen2014boosting,
	Author = {Chen, Shang-Tse and Lin, Hsuan-Tien and Lu, Chi-Jen},
	Booktitle = {Proceedings of the 31st International Conference on Machine Learning (ICML-14)},
	Pages = {342--350},
	Title = {Boosting with online binary learners for the multiclass bandit problem},
	Year = {2014}}

@article{zinkevich2003online,
	Author = {Zinkevich, Martin},
	Publisher = {School of Computer Science, Carnegie Mellon University},
	Title = {Online convex programming and generalized infinitesimal gradient ascent},
	Year = {2003}}

@article{chen2012online,
	Author = {Chen, Shang-Tse and Lin, Hsuan-Tien and Lu, Chi-Jen},
	Journal = {arXiv preprint arXiv:1206.6422},
	Title = {An online boosting algorithm with theoretical justifications},
	Year = {2012}}

@techreport{brinker2007label,
	Author = {Brinker, Klaus and F{\"u}rnkranz, Johannes and H{\"u}llermeier, Eyke},
	Institution = {Citeseer},
	Title = {Label ranking by learning pairwise preferences},
	Year = {2007}}

@inproceedings{loza2008pairwise,
	Author = {Loza Menc{\'\i}a, Eneldo and Furnkranz, Johannes},
	Booktitle = {Neural Networks, 2008. IJCNN 2008.(IEEE World Congress on Computational Intelligence). IEEE International Joint Conference on},
	Organization = {IEEE},
	Pages = {2899--2906},
	Title = {Pairwise learning of multilabel classifications with perceptrons},
	Year = {2008}}

@article{crammer2013multiclass,
	Author = {Crammer, Koby and Gentile, Claudio},
	Journal = {Machine learning},
	Number = {3},
	Pages = {347--383},
	Publisher = {Springer},
	Title = {Multiclass classification with bandit feedback using adaptive regularization},
	Volume = {90},
	Year = {2013}}

@article{crammer2006online,
	Author = {Crammer, Koby and Dekel, Ofer and Keshet, Joseph and Shalev-Shwartz, Shai and Singer, Yoram},
	Journal = {The Journal of Machine Learning Research},
	Pages = {551--585},
	Publisher = {JMLR. org},
	Title = {Online passive-aggressive algorithms},
	Volume = {7},
	Year = {2006}}

@inproceedings{read2008pruned,
	Author = {Read, Jesse},
	Booktitle = {Proc. 2008 New Zealand Computer Science Research Student Conference (NZCSRS 2008)},
	Title = {A pruned problem transformation method for multi-label classification},
	Volume = {143150},
	Year = {2008}}

@inproceedings{li2010contextual,
	Author = {Li, Lihong and Chu, Wei and Langford, John and Schapire, Robert E},
	Booktitle = {Proceedings of the 19th international conference on World wide web},
	Organization = {ACM},
	Pages = {661--670},
	Title = {A contextual-bandit approach to personalized news article recommendation},
	Year = {2010}}

@book{gittins1974dynamic,
	Author = {Gittins, J. and Jones, D.},
	Pages = {241-266},
	Publisher = {Progress in Statistics},
	Title = {A Dynamic Allocation Index for the Sequential Allocation of Experiments},
	Year = {1974}}

@inproceedings{varaiya1983extension,
	Author = {Varaiya, P and Walrand, Jean and Buyukkoc, Cagatay},
	Booktitle = {Decision and Control, 1983. The 22nd IEEE Conference on},
	Organization = {IEEE},
	Pages = {1179--1180},
	Title = {Extension of the multi-armed bandit problem},
	Year = {1983}}

@article{pareto1896cours,
	Author = {Pareto, Vilfredo},
	Journal = {F Rouge, Lausanne},
	Title = {Cours d'economies politique, volume Ⅰ and Ⅱ},
	Year = {1896}}

@book{deb2001multi,
	Author = {Deb, Kalyanmoy},
	Publisher = {John Wiley \& Sons},
	Title = {Multi-objective optimization using evolutionary algorithms},
	Volume = {16},
	Year = {2001}}

@article{zitzler2003performance,
	Author = {Zitzler, Eckart and Thiele, Lothar and Laumanns, Marco and Fonseca, Carlos M and Da Fonseca, Viviane Grunert},
	Journal = {Evolutionary Computation, IEEE Transactions on},
	Number = {2},
	Pages = {117--132},
	Publisher = {IEEE},
	Title = {Performance assessment of multiobjective optimizers: an analysis and review},
	Volume = {7},
	Year = {2003}}

@article{yager1988ordered,
	Author = {Yager, Ronald R},
	Journal = {Systems, Man and Cybernetics, IEEE Transactions on},
	Number = {1},
	Pages = {183--190},
	Publisher = {IEEE},
	Title = {On ordered weighted averaging aggregation operators in multicriteria decisionmaking},
	Volume = {18},
	Year = {1988}}

@book{miettinen2012nonlinear,
	Author = {Miettinen, Kaisa},
	Publisher = {Springer Science \& Business Media},
	Title = {Nonlinear multiobjective optimization},
	Volume = {12},
	Year = {2012}}

@inproceedings{brockhoff2007additional,
	Author = {Brockhoff, Dimo and Friedrich, Tobias and Hebbinghaus, Nils and Klein, Christian and Neumann, Frank and Zitzler, Eckart},
	Booktitle = {Proceedings of the 9th annual conference on Genetic and evolutionary computation},
	Organization = {ACM},
	Pages = {765--772},
	Title = {Do additional objectives make a problem harder?},
	Year = {2007}}

@inproceedings{giel2003expected,
	Author = {Giel, Oliver},
	Booktitle = {Evolutionary Computation, 2003. CEC'03. The 2003 Congress on},
	Organization = {IEEE},
	Pages = {1918--1925},
	Title = {Expected runtimes of a simple multi-objective evolutionary algorithm},
	Volume = {3},
	Year = {2003}}

@article{giel2010effect,
	Author = {Giel, Oliver and Lehre, Per Kristian},
	Journal = {Evolutionary Computation},
	Number = {3},
	Pages = {335--356},
	Publisher = {MIT Press},
	Title = {On the Effect of Populations in Evolutionary Multi-Objective Optimisation*},
	Volume = {18},
	Year = {2010}}

@inproceedings{horoba2008benefits,
	Author = {Horoba, Christian and Neumann, Frank},
	Booktitle = {Proceedings of the 10th annual conference on Genetic and evolutionary computation},
	Organization = {ACM},
	Pages = {641--648},
	Title = {Benefits and drawbacks for the use of epsilon-dominance in evolutionary multi-objective optimization},
	Year = {2008}}

@article{bellman1970decision,
	Author = {Bellman, Richard E and Zadeh, Lotfi Asker},
	Journal = {Management science},
	Number = {4},
	Pages = {B--141},
	Publisher = {INFORMS},
	Title = {Decision-making in a fuzzy environment},
	Volume = {17},
	Year = {1970}}

@inproceedings{zadeh1984computational,
	Author = {Zadeh, Lotfi A},
	Booktitle = {Proceedings of the 10th International Conference on Computational Linguistics and 22nd annual meeting on Association for Computational Linguistics},
	Organization = {Association for Computational Linguistics},
	Pages = {312--318},
	Title = {A computational theory of dispositions},
	Year = {1984}}

@inproceedings{drugan2015linear,
	Author = {Drugan, Madalina M},
	Booktitle = {Evolutionary Multi-Criterion Optimization},
	Organization = {Springer},
	Pages = {156--171},
	Title = {Linear Scalarization for Pareto Front Identification in Stochastic Environments},
	Year = {2015}}

@article{bubeck2011pure,
	Author = {Bubeck, S{\'e}bastien and Munos, R{\'e}mi and Stoltz, Gilles},
	Journal = {Theoretical Computer Science},
	Number = {19},
	Pages = {1832--1852},
	Publisher = {Elsevier},
	Title = {Pure exploration in finitely-armed and continuous-armed bandits},
	Volume = {412},
	Year = {2011}}

@inproceedings{bubeck2009pure,
	Author = {Bubeck, S{\'e}bastien and Munos, R{\'e}mi and Stoltz, Gilles},
	Booktitle = {Algorithmic Learning Theory},
	Organization = {Springer},
	Pages = {23--37},
	Title = {Pure exploration in multi-armed bandits problems},
	Year = {2009}}

@inproceedings{chen2014combinatorial,
	Author = {Chen, Shouyuan and Lin, Tian and King, Irwin and Lyu, Michael R and Chen, Wei},
	Booktitle = {Advances in Neural Information Processing Systems},
	Pages = {379--387},
	Title = {Combinatorial pure exploration of multi-armed bandits},
	Year = {2014}}

@inproceedings{kalyanakrishnan2012pac,
	Author = {Kalyanakrishnan, Shivaram and Tewari, Ambuj and Auer, Peter and Stone, Peter},
	Booktitle = {Proceedings of the 29th International Conference on Machine Learning (ICML-12)},
	Pages = {655--662},
	Title = {Pac subset selection in stochastic multi-armed bandits},
	Year = {2012}}

@inproceedings{kaufmann2013information,
	Author = {Kaufmann, Emilie and Kalyanakrishnan, Shivaram},
	Booktitle = {Conference on Learning Theory},
	Pages = {228--251},
	Title = {Information complexity in bandit subset selection},
	Year = {2013}}

@inproceedings{gabillon2012best,
	Author = {Gabillon, Victor and Ghavamzadeh, Mohammad and Lazaric, Alessandro},
	Booktitle = {Advances in Neural Information Processing Systems},
	Pages = {3212--3220},
	Title = {Best arm identification: A unified approach to fixed budget and fixed confidence},
	Year = {2012}}

@article{kung1975finding,
	Author = {Kung, Hsiang-Tsung and Luccio, Fabrizio and Preparata, Franco P},
	Journal = {Journal of the ACM (JACM)},
	Number = {4},
	Pages = {469--476},
	Publisher = {ACM},
	Title = {On finding the maxima of a set of vectors},
	Volume = {22},
	Year = {1975}}

@article{azoury2001relative,
	Author = {Azoury, Katy S and Warmuth, Manfred K},
	Journal = {Machine Learning},
	Number = {3},
	Pages = {211--246},
	Publisher = {Springer},
	Title = {Relative loss bounds for on-line density estimation with the exponential family of distributions},
	Volume = {43},
	Year = {2001}}

@article{yager1996quantifier,
	Author = {Yager, Ronald R},
	Journal = {International Journal of Intelligent Systems},
	Number = {1},
	Pages = {49--73},
	Publisher = {Wiley Online Library},
	Title = {Quantifier guided aggregation using OWA operators},
	Volume = {11},
	Year = {1996}}

@article{ball1997elementary,
	Author = {Ball, Keith},
	Journal = {Flavors of geometry},
	Pages = {1--58},
	Title = {An elementary introduction to modern convex geometry},
	Volume = {31},
	Year = {1997}}

@article{hoerl1970ridge,
	Author = {Hoerl, Arthur E and Kennard, Robert W},
	Journal = {Technometrics},
	Number = {1},
	Pages = {55--67},
	Publisher = {Taylor \& Francis Group},
	Title = {Ridge regression: Biased estimation for nonorthogonal problems},
	Volume = {12},
	Year = {1970}}

@inproceedings{radlinski2006improving,
	Author = {Radlinski, Filip and Dumais, Susan},
	Booktitle = {Proceedings of the 29th annual international ACM SIGIR conference on Research and development in information retrieval},
	Organization = {ACM},
	Pages = {691--692},
	Title = {Improving personalized web search using result diversification},
	Year = {2006}}

@article{veatch1996scheduling,
	Author = {Veatch, Michael H and Wein, Lawrence M},
	Journal = {Operations Research},
	Number = {4},
	Pages = {634--647},
	Publisher = {INFORMS},
	Title = {Scheduling a make-to-stock queue: Index policies and hedging points},
	Volume = {44},
	Year = {1996}}

@inproceedings{ehsan2004optimality,
	Author = {Ehsan, Navid and Liu, Mingyan},
	Booktitle = {INFOCOM 2004. Twenty-third AnnualJoint Conference of the IEEE Computer and Communications Societies},
	Organization = {IEEE},
	Pages = {1974--1983},
	Title = {On the optimality of an index policy for bandwidth allocation with delayed state observation and differentiated services},
	Volume = {3},
	Year = {2004}}

@article{garivier2008upper,
	Author = {Garivier, Aur{\'e}lien and Moulines, Eric},
	Journal = {Arxiv preprint},
	Publisher = {Citeseer},
	Title = {On upper-confidence bound policies for non-stationary bandit problems},
	Year = {2008}}

@inproceedings{chapelle2011empirical,
	Author = {Chapelle, Olivier and Li, Lihong},
	Booktitle = {Advances in neural information processing systems},
	Pages = {2249--2257},
	Title = {An empirical evaluation of thompson sampling},
	Year = {2011}}

@article{agrawal2012thompson,
	Author = {Agrawal, Shipra and Goyal, Navin},
	Journal = {arXiv preprint arXiv:1209.3352},
	Title = {Thompson sampling for contextual bandits with linear payoffs},
	Year = {2012}}

@article{sorower2010literature,
	Author = {Sorower, Mohammad S},
	Journal = {Oregon State University, Corvallis},
	Title = {A literature survey on algorithms for multi-label learning},
	Year = {2010}}

@inproceedings{kong2011ensemble,
	Author = {Kong, Xiangnan and Yu, Philip S},
	Booktitle = {Collaborative Computing: Networking, Applications and Worksharing (CollaborateCom), 2011 7th International Conference on},
	Organization = {IEEE},
	Pages = {95--104},
	Title = {An ensemble-based approach to fast classification of multi-label data streams},
	Year = {2011}}

@article{gao2013consistency,
	Author = {Gao, Wei and Zhou, Zhi-Hua},
	Journal = {Artificial Intelligence},
	Pages = {22--44},
	Publisher = {Elsevier},
	Title = {On the consistency of multi-label learning},
	Volume = {199},
	Year = {2013}}

@article{madjarov2012extensive,
	Author = {Madjarov, Gjorgji and Kocev, Dragi and Gjorgjevikj, Dejan and D{\v{z}}eroski, Sa{\v{s}}o},
	Journal = {Pattern Recognition},
	Number = {9},
	Pages = {3084--3104},
	Publisher = {Elsevier},
	Title = {An extensive experimental comparison of methods for multi-label learning},
	Volume = {45},
	Year = {2012}}

@article{kivinen2004online,
	Author = {Kivinen, Jyrki and Smola, Alexander J and Williamson, Robert C},
	Journal = {Signal Processing, IEEE Transactions on},
	Number = {8},
	Pages = {2165--2176},
	Publisher = {IEEE},
	Title = {Online learning with kernels},
	Volume = {52},
	Year = {2004}}

@article{schuurmans2007implicit,
	Author = {Schuurmans, Li Cheng SVN and Caelli, SW},
	Journal = {Advances in neural information processing systems},
	Pages = {249},
	Title = {Implicit online learning with kernels},
	Volume = {19},
	Year = {2007}}

@article{slavakis2008online,
	Author = {Slavakis, Konstantinos and Theodoridis, Sergios and Yamada, Isao},
	Journal = {Signal Processing, IEEE Transactions on},
	Number = {7},
	Pages = {2781--2796},
	Publisher = {IEEE},
	Title = {Online kernel-based classification using adaptive projection algorithms},
	Volume = {56},
	Year = {2008}}

@article{scott2010modern,
	Author = {Scott, Steven L},
	Journal = {Applied Stochastic Models in Business and Industry},
	Number = {6},
	Pages = {639--658},
	Publisher = {Wiley Online Library},
	Title = {A modern Bayesian look at the multi-armed bandit},
	Volume = {26},
	Year = {2010}}

@article{carpentier2012bandit,
	Author = {Carpentier, Alexandra and Munos, R{\'e}mi},
	Journal = {arXiv preprint arXiv:1205.4094},
	Title = {Bandit theory meets compressed sensing for high dimensional stochastic linear bandit},
	Year = {2012}}

@article{gittins1979bandit,
	Author = {Gittins, John C},
	Journal = {Journal of the Royal Statistical Society. Series B (Methodological)},
	Pages = {148--177},
	Publisher = {JSTOR},
	Title = {Bandit processes and dynamic allocation indices},
	Year = {1979}}

@book{vapnik1998statistical,
	Author = {Vapnik, Vladimir Naumovich and Vapnik, Vlamimir},
	Publisher = {Wiley New York},
	Title = {Statistical learning theory},
	Volume = {1},
	Year = {1998}}

@inproceedings{Alimoglu96methodsof,
	Author = {Fevzi Alimoglu and Ethem Alpaydin},
	Booktitle = {Proceedings of the Fifth Turkish Artificial Intelligence and Artificial Neural Networks Symposium (TAINN 96},
	Title = {Methods of Combining Multiple Classifiers Based on Different Representations for Pen-based Handwritten Digit Recognition},
	Year = {1996}}

@article{alimoglu1996combining,
	Author = {Alimoglu, Fevzi and Doc, Dr and Alpaydin, Ethem and Denizhan, Yagmur},
	Publisher = {Citeseer},
	Title = {Combining multiple classifiers for pen-based handwritten digit recognition},
	Year = {1996}}

@article{zhang2007ml,
	Author = {Zhang, Min-Ling and Zhou, Zhi-Hua},
	Journal = {Pattern recognition},
	Number = {7},
	Pages = {2038--2048},
	Publisher = {Elsevier},
	Title = {ML-KNN: A lazy learning approach to multi-label learning},
	Volume = {40},
	Year = {2007}}

@misc{Lichman:2013,
	Author = {M. Lichman},
	Institution = {University of California, Irvine, School of Information and Computer Sciences},
	Title = {{UCI} Machine Learning Repository},
	Url = {http://archive.ics.uci.edu/ml},
	Year = {2013},
	Bdsk-Url-1 = {http://archive.ics.uci.edu/ml}}

@inproceedings{elisseeff2001kernel,
	Author = {Elisseeff, Andr{\'e} and Weston, Jason},
	Booktitle = {Advances in neural information processing systems},
	Pages = {681--687},
	Title = {A kernel method for multi-labelled classification},
	Year = {2001}}

@inproceedings{Dauce13fast,
  author    = {Emmanuel Dauc{\'{e}} and
               Timoth{\'{e}}e Proix and
               Liva Ralaivola},
  title     = {Fast online adaptivity with policy gradient: example of the {BCI}
               "P300"-speller},
  booktitle = {21st European Symposium on Artificial Neural Networks, {ESANN} 2013,
               Bruges, Belgium, April 24-26, 2013},
  year      = {2013},
  crossref  = {DBLP:conf/esann/2013},
  url       = {http://www.elen.ucl.ac.be/Proceedings/esann/esannpdf/es2013-100.pdf},
  timestamp = {Tue, 29 Jul 2014 18:05:09 +0200},
  biburl    = {http://dblp.uni-trier.de/rec/bib/conf/esann/DaucePR13},
  bibsource = {dblp computer science bibliography, http://dblp.org}
}
